<?xml version="1.0" encoding="UTF-8"?>
<SOAP-ENV:Envelope xmlns:SOAP-ENV="http://schemas.xmlsoap.org/soap/envelope/" xmlns:ns1="http://oss.dbc.dk/ns/openformat" xmlns:os="http://oss.dbc.dk/ns/opensearch" xmlns:dc="http://purl.org/dc/elements/1.1/" xmlns:dkabm="http://biblstandard.dk/abm/namespace/dkabm/" xmlns:ISO639-2="http://lcweb.loc.gov/standards/iso639-2/" xmlns:dcmitype="http://purl.org/dc/dcmitype/" xmlns:dcterms="http://purl.org/dc/terms/" xmlns:ac="http://biblstandard.dk/ac/namespace/" xmlns:dkdcplus="http://biblstandard.dk/abm/namespace/dkdcplus/" xmlns:oss="http://oss.dbc.dk/ns/osstypes" xmlns:marcx="info:lc/xmlns/marcxchange-v1" xmlns:xsi="http://www.w3.org/2001/XMLSchema-instance">
  <SOAP-ENV:Body>
    <ns1:formatRequest>
      <ns1:originalData>
        <os:collection>
          <os:resultPosition>1</os:resultPosition>
          <os:numberOfObjects>1</os:numberOfObjects>
          <os:object>
            <dkabm:record>
              <ac:identifier>29840504|870970</ac:identifier>
              <ac:source>Bibliotekskatalog</ac:source>
              <dc:title>Narnia</dc:title>
              <dc:title xsi:type="dkdcplus:full">Narnia</dc:title>
              <dc:title xsi:type="dkdcplus:series">Disney blu-ray</dc:title>
              <dcterms:alternative>The chronicles of Narnia</dcterms:alternative>
              <dcterms:alternative>Løven, heksen og garderobeskabet</dcterms:alternative>
              <dc:creator xsi:type="dkdcplus:drt">Andrew Adamson</dc:creator>
              <dc:creator xsi:type="oss:sort">Adamson, Andrew</dc:creator>
              <dc:subject xsi:type="dkdcplus:DK5">77.74</dc:subject>
              <dc:subject xsi:type="dkdcplus:DK5-Text">Børnefilm</dc:subject>
              <dc:subject xsi:type="dkdcplus:DBCO">amerikanske film</dc:subject>
              <dc:subject xsi:type="dkdcplus:genre">børnefilm</dc:subject>
              <dc:subject xsi:type="dkdcplus:DBCS">det gode</dc:subject>
              <dc:subject xsi:type="dkdcplus:DBCS">det onde</dc:subject>
              <dc:subject xsi:type="dkdcplus:DBCS">eventyr</dc:subject>
              <dc:subject xsi:type="dkdcplus:genre">eventyr</dc:subject>
              <dc:subject xsi:type="dkdcplus:DBCN">for 11 år</dc:subject>
              <dc:subject xsi:type="dkdcplus:DBCN">for 12 år</dc:subject>
              <dc:subject xsi:type="dkdcplus:DBCN">for 13 år</dc:subject>
              <dc:subject xsi:type="dkdcplus:DBCS">parallelle verdener</dc:subject>
              <dcterms:abstract>De fire søskende, Lucy, Edmund, Susan og Peter, er flyttet på landet hos en professor. Bag det gamle garderobeskab finder de landet, Narnia, der holdes i en forbandelse, som den hvide heks, har kastet over landet, der holdes i evig vinter. Et sagn fortæller, at de fire børn kan hjælpe med at bringe foråret og friheden tilbage. De bliver involveret i kampen om at befri Narnia sammen med løven Aslan og andre gode kræfter</dcterms:abstract>
              <dc:description>Produktion: Walt Disney Pictures (USA), Walden Media (USA), 2005</dc:description>
              <dc:description>Af indholdet: Bonusmateriale</dc:description>
              <dcterms:audience xsi:type="dkdcplus:medieraad">Mærkning: Tilladt for børn over 11 år</dcterms:audience>
              <dcterms:audience>børnematerialer</dcterms:audience>
              <dc:publisher>Walt Disney Studios Home Entertainment</dc:publisher>
              <dc:contributor xsi:type="dkdcplus:ant">C. S. Lewis</dc:contributor>
              <dc:contributor xsi:type="dkdcplus:cng">Donald M. McAlpine</dc:contributor>
              <dc:contributor xsi:type="dkdcplus:aus">Ann Peacock</dc:contributor>
              <dc:contributor>Walt Disney firma</dc:contributor>
              <dc:contributor xsi:type="dkdcplus:act">George Henley</dc:contributor>
              <dc:contributor xsi:type="dkdcplus:act">Skandar Keynes</dc:contributor>
              <dc:contributor xsi:type="dkdcplus:act">William Moseley</dc:contributor>
              <dc:contributor xsi:type="dkdcplus:act">Anna Popplewell</dc:contributor>
              <dc:contributor xsi:type="dkdcplus:act">Tilda Swinton</dc:contributor>
              <dc:contributor xsi:type="dkdcplus:act">James McAvoy</dc:contributor>
              <dc:contributor xsi:type="dkdcplus:act">Jim Broadbent</dc:contributor>
              <dc:contributor xsi:type="dkdcplus:dkste">Tillie Bech</dc:contributor>
              <dc:contributor xsi:type="dkdcplus:dkste">Christoffer Skov</dc:contributor>
              <dc:contributor xsi:type="dkdcplus:dkste">Jasper Spanning</dc:contributor>
              <dc:contributor xsi:type="dkdcplus:dkste">Amalie Dollerup</dc:contributor>
              <dc:contributor xsi:type="dkdcplus:dkste">Maibritt Saerens</dc:contributor>
              <dc:contributor xsi:type="dkdcplus:dkste">Caspar Phillipsen</dc:contributor>
              <dc:contributor xsi:type="dkdcplus:dkste">Paul Hüttel</dc:contributor>
              <dc:contributor xsi:type="dkdcplus:dkste">Jørgen Teytaud</dc:contributor>
              <dc:contributor xsi:type="dkdcplus:dkste">Solbjørg Højfeldt</dc:contributor>
              <dc:date>2013</dc:date>
              <dc:type xsi:type="dkdcplus:BibDK-Type">Blu-ray</dc:type>
              <dc:format>1 blu-ray disc, blu-ray</dc:format>
              <dcterms:extent>ca. 2 t., 20 min.</dcterms:extent>
              <dc:language xsi:type="dcterms:ISO639-2">mul</dc:language>
              <dc:language>Flere sprog</dc:language>
              <dc:language xsi:type="dcterms:ISO639-2">eng</dc:language>
              <dc:language>Engelsk</dc:language>
              <dc:language xsi:type="dkdcplus:subtitles">eng</dc:language>
              <dc:language xsi:type="dkdcplus:subtitles">swe</dc:language>
              <dc:language xsi:type="dkdcplus:subtitles">nor</dc:language>
              <dc:language xsi:type="dkdcplus:subtitles">dan</dc:language>
              <dc:language xsi:type="dkdcplus:subtitles">fin</dc:language>
              <dc:language xsi:type="dkdcplus:subtitles">pol</dc:language>
              <dc:language xsi:type="dkdcplus:subtitles">ice</dc:language>
            </dkabm:record>
            <marcx:collection>
              <marcx:record format="danMARC2" type="Bibliographic">
                <marcx:leader>00000n    2200000   4500</marcx:leader>
                <marcx:datafield ind1="0" ind2="0" tag="001">
                  <marcx:subfield code="a">29840504</marcx:subfield>
                  <marcx:subfield code="b">870970</marcx:subfield>
                  <marcx:subfield code="c">20130311180714</marcx:subfield>
                  <marcx:subfield code="d">20130220</marcx:subfield>
                  <marcx:subfield code="f">a</marcx:subfield>
                </marcx:datafield>
                <marcx:datafield ind1="0" ind2="0" tag="004">
                  <marcx:subfield code="r">n</marcx:subfield>
                  <marcx:subfield code="a">e</marcx:subfield>
                </marcx:datafield>
                <marcx:datafield ind1="0" ind2="0" tag="006">
                  <marcx:subfield code="d">11</marcx:subfield>
                  <marcx:subfield code="2">b</marcx:subfield>
                </marcx:datafield>
                <marcx:datafield ind1="0" ind2="0" tag="006">
                  <marcx:subfield code="e">11</marcx:subfield>
                  <marcx:subfield code="2">d</marcx:subfield>
                </marcx:datafield>
                <marcx:datafield ind1="0" ind2="0" tag="008">
                  <marcx:subfield code="t">m</marcx:subfield>
                  <marcx:subfield code="u">f</marcx:subfield>
                  <marcx:subfield code="a">2013</marcx:subfield>
                  <marcx:subfield code="b">dk</marcx:subfield>
                  <marcx:subfield code="l">mul</marcx:subfield>
                  <marcx:subfield code="v">0</marcx:subfield>
                </marcx:datafield>
                <marcx:datafield ind1="0" ind2="0" tag="009">
                  <marcx:subfield code="a">m</marcx:subfield>
                  <marcx:subfield code="g">th</marcx:subfield>
                </marcx:datafield>
                <marcx:datafield ind1="0" ind2="0" tag="017">
                  <marcx:subfield code="a">28623224</marcx:subfield>
                </marcx:datafield>
                <marcx:datafield ind1="0" ind2="0" tag="021">
                  <marcx:subfield code="b">Brugsretskategori: C+</marcx:subfield>
                </marcx:datafield>
                <marcx:datafield ind1="0" ind2="0" tag="023">
                  <marcx:subfield code="b">8717418342272</marcx:subfield>
                </marcx:datafield>
                <marcx:datafield ind1="0" ind2="0" tag="032">
                  <marcx:subfield code="a">DBI201311</marcx:subfield>
                  <marcx:subfield code="x">BKM201311</marcx:subfield>
                  <marcx:subfield code="x">ACC201308</marcx:subfield>
                </marcx:datafield>
                <marcx:datafield ind1="0" ind2="0" tag="041">
                  <marcx:subfield code="a">eng</marcx:subfield>
                  <marcx:subfield code="s">swe</marcx:subfield>
                  <marcx:subfield code="s">nor</marcx:subfield>
                  <marcx:subfield code="s">dan</marcx:subfield>
                  <marcx:subfield code="s">fin</marcx:subfield>
                  <marcx:subfield code="s">pol</marcx:subfield>
                  <marcx:subfield code="s">ice</marcx:subfield>
                  <marcx:subfield code="u">eng</marcx:subfield>
                  <marcx:subfield code="u">swe</marcx:subfield>
                  <marcx:subfield code="u">nor</marcx:subfield>
                  <marcx:subfield code="u">dan</marcx:subfield>
                  <marcx:subfield code="u">fin</marcx:subfield>
                  <marcx:subfield code="u">pol</marcx:subfield>
                  <marcx:subfield code="u">ice</marcx:subfield>
                </marcx:datafield>
                <marcx:datafield ind1="0" ind2="0" tag="239">
                  <marcx:subfield code="t">Narnia</marcx:subfield>
                  <marcx:subfield code="b">løven, heksen og garderobeskabet</marcx:subfield>
                </marcx:datafield>
                <marcx:datafield ind1="0" ind2="0" tag="245">
                  <marcx:subfield code="a">The ¤chronicles of Narnia</marcx:subfield>
                  <marcx:subfield code="u">The ¤lion, the witch and the wardrobe</marcx:subfield>
                </marcx:datafield>
                <marcx:datafield ind1="0" ind2="0" tag="260">
                  <marcx:subfield code="a">[Kbh.]</marcx:subfield>
                  <marcx:subfield code="b">Walt Disney Studios Home Entertainment</marcx:subfield>
                  <marcx:subfield code="c">[2013]</marcx:subfield>
                </marcx:datafield>
                <marcx:datafield ind1="0" ind2="0" tag="300">
                  <marcx:subfield code="n">1 blu-ray disc</marcx:subfield>
                  <marcx:subfield code="e">blu-ray</marcx:subfield>
                  <marcx:subfield code="l">ca. 2 t., 20 min.</marcx:subfield>
                </marcx:datafield>
                <marcx:datafield ind1="0" ind2="0" tag="440">
                  <marcx:subfield code="0"/>
                  <marcx:subfield code="a">Disney blu-ray</marcx:subfield>
                </marcx:datafield>
                <marcx:datafield ind1="0" ind2="0" tag="504">
                  <marcx:subfield code="&amp;">1</marcx:subfield>
                  <marcx:subfield code="a">De fire søskende, Lucy, Edmund, Susan og Peter, er flyttet på landet hos en professor. Bag det gamle garderobeskab finder de landet, Narnia, der holdes i en forbandelse, som den hvide heks, har kastet over landet, der holdes i evig vinter. Et sagn fortæller, at de fire børn kan hjælpe med at bringe foråret og friheden tilbage. De bliver involveret i kampen om at befri Narnia sammen med løven Aslan og andre gode kræfter</marcx:subfield>
                </marcx:datafield>
                <marcx:datafield ind1="0" ind2="0" tag="508">
                  <marcx:subfield code="a">Engelsk tale, samt synkronisering på svensk, norsk, dansk, finsk, polsk og islandsk</marcx:subfield>
                </marcx:datafield>
                <marcx:datafield ind1="0" ind2="0" tag="508">
                  <marcx:subfield code="a">Undertekster på engelsk, svensk, norsk, dansk, finsk, polsk og islandsk</marcx:subfield>
                </marcx:datafield>
                <marcx:datafield ind1="0" ind2="0" tag="508">
                  <marcx:subfield code="a">Tekstet for hørehæmmede på engelsk</marcx:subfield>
                </marcx:datafield>
                <marcx:datafield ind1="0" ind2="0" tag="512">
                  <marcx:subfield code="a">Produktion: Walt Disney Pictures (USA), Walden Media (USA), 2005</marcx:subfield>
                </marcx:datafield>
                <marcx:datafield ind1="0" ind2="0" tag="517">
                  <marcx:subfield code="&amp;">1</marcx:subfield>
                  <marcx:subfield code="a">Mærkning: Tilladt for børn over 11 år</marcx:subfield>
                </marcx:datafield>
                <marcx:datafield ind1="0" ind2="0" tag="534">
                  <marcx:subfield code="&amp;">1</marcx:subfield>
                  <marcx:subfield code="a">Af indholdet: Bonusmateriale</marcx:subfield>
                </marcx:datafield>
                <marcx:datafield ind1="0" ind2="0" tag="538">
                  <marcx:subfield code="a">BMY 6025615</marcx:subfield>
                </marcx:datafield>
                <marcx:datafield ind1="0" ind2="0" tag="652">
                  <marcx:subfield code="m">77.74</marcx:subfield>
                </marcx:datafield>
                <marcx:datafield ind1="0" ind2="0" tag="666">
                  <marcx:subfield code="0"/>
                  <marcx:subfield code="s">eventyr</marcx:subfield>
                </marcx:datafield>
                <marcx:datafield ind1="0" ind2="0" tag="666">
                  <marcx:subfield code="0"/>
                  <marcx:subfield code="s">det ¤gode</marcx:subfield>
                </marcx:datafield>
                <marcx:datafield ind1="0" ind2="0" tag="666">
                  <marcx:subfield code="0"/>
                  <marcx:subfield code="s">det ¤onde</marcx:subfield>
                </marcx:datafield>
                <marcx:datafield ind1="0" ind2="0" tag="666">
                  <marcx:subfield code="0"/>
                  <marcx:subfield code="s">parallelle verdener</marcx:subfield>
                </marcx:datafield>
                <marcx:datafield ind1="0" ind2="0" tag="666">
                  <marcx:subfield code="0"/>
                  <marcx:subfield code="o">amerikanske film</marcx:subfield>
                </marcx:datafield>
                <marcx:datafield ind1="0" ind2="0" tag="666">
                  <marcx:subfield code="0"/>
                  <marcx:subfield code="u">for 11 år</marcx:subfield>
                </marcx:datafield>
                <marcx:datafield ind1="0" ind2="0" tag="666">
                  <marcx:subfield code="0"/>
                  <marcx:subfield code="u">for 12 år</marcx:subfield>
                </marcx:datafield>
                <marcx:datafield ind1="0" ind2="0" tag="666">
                  <marcx:subfield code="0"/>
                  <marcx:subfield code="u">for 13 år</marcx:subfield>
                </marcx:datafield>
                <marcx:datafield ind1="0" ind2="0" tag="700">
                  <marcx:subfield code="a">Lewis</marcx:subfield>
                  <marcx:subfield code="h">C. S.</marcx:subfield>
                  <marcx:subfield code="4">ant</marcx:subfield>
                </marcx:datafield>
                <marcx:datafield ind1="0" ind2="0" tag="700">
                  <marcx:subfield code="A">macalpine</marcx:subfield>
                  <marcx:subfield code="a">McAlpine</marcx:subfield>
                  <marcx:subfield code="h">Donald M.</marcx:subfield>
                  <marcx:subfield code="4">cng</marcx:subfield>
                </marcx:datafield>
                <marcx:datafield ind1="0" ind2="0" tag="700">
                  <marcx:subfield code="a">Peacock</marcx:subfield>
                  <marcx:subfield code="h">Ann</marcx:subfield>
                  <marcx:subfield code="4">aus</marcx:subfield>
                </marcx:datafield>
                <marcx:datafield ind1="0" ind2="0" tag="700">
                  <marcx:subfield code="a">Adamson</marcx:subfield>
                  <marcx:subfield code="h">Andrew</marcx:subfield>
                  <marcx:subfield code="4">drt</marcx:subfield>
                </marcx:datafield>
                <marcx:datafield ind1="0" ind2="0" tag="710">
                  <marcx:subfield code="a">Walt Disney</marcx:subfield>
                  <marcx:subfield code="e">firma</marcx:subfield>
                </marcx:datafield>
                <marcx:datafield ind1="0" ind2="0" tag="720">
                  <marcx:subfield code="o">George Henley</marcx:subfield>
                  <marcx:subfield code="4">act</marcx:subfield>
                </marcx:datafield>
                <marcx:datafield ind1="0" ind2="0" tag="720">
                  <marcx:subfield code="o">Skandar Keynes</marcx:subfield>
                  <marcx:subfield code="4">act</marcx:subfield>
                </marcx:datafield>
                <marcx:datafield ind1="0" ind2="0" tag="720">
                  <marcx:subfield code="o">William Moseley</marcx:subfield>
                  <marcx:subfield code="4">act</marcx:subfield>
                </marcx:datafield>
                <marcx:datafield ind1="0" ind2="0" tag="720">
                  <marcx:subfield code="o">Anna Popplewell</marcx:subfield>
                  <marcx:subfield code="4">act</marcx:subfield>
                </marcx:datafield>
                <marcx:datafield ind1="0" ind2="0" tag="720">
                  <marcx:subfield code="o">Tilda Swinton</marcx:subfield>
                  <marcx:subfield code="4">act</marcx:subfield>
                </marcx:datafield>
                <marcx:datafield ind1="0" ind2="0" tag="720">
                  <marcx:subfield code="o">James McAvoy</marcx:subfield>
                  <marcx:subfield code="4">act</marcx:subfield>
                </marcx:datafield>
                <marcx:datafield ind1="0" ind2="0" tag="720">
                  <marcx:subfield code="o">Jim Broadbent</marcx:subfield>
                  <marcx:subfield code="4">act</marcx:subfield>
                </marcx:datafield>
                <marcx:datafield ind1="0" ind2="0" tag="720">
                  <marcx:subfield code="o">Tillie Bech</marcx:subfield>
                  <marcx:subfield code="4">dkste</marcx:subfield>
                </marcx:datafield>
                <marcx:datafield ind1="0" ind2="0" tag="720">
                  <marcx:subfield code="o">Christoffer Skov</marcx:subfield>
                  <marcx:subfield code="4">dkste</marcx:subfield>
                </marcx:datafield>
                <marcx:datafield ind1="0" ind2="0" tag="720">
                  <marcx:subfield code="o">Jasper Spanning</marcx:subfield>
                  <marcx:subfield code="4">dkste</marcx:subfield>
                </marcx:datafield>
                <marcx:datafield ind1="0" ind2="0" tag="720">
                  <marcx:subfield code="o">Amalie Dollerup</marcx:subfield>
                  <marcx:subfield code="4">dkste</marcx:subfield>
                </marcx:datafield>
                <marcx:datafield ind1="0" ind2="0" tag="720">
                  <marcx:subfield code="o">Maibritt Saerens</marcx:subfield>
                  <marcx:subfield code="4">dkste</marcx:subfield>
                </marcx:datafield>
                <marcx:datafield ind1="0" ind2="0" tag="720">
                  <marcx:subfield code="o">Caspar Phillipsen</marcx:subfield>
                  <marcx:subfield code="4">dkste</marcx:subfield>
                </marcx:datafield>
                <marcx:datafield ind1="0" ind2="0" tag="720">
                  <marcx:subfield code="o">Paul Hüttel</marcx:subfield>
                  <marcx:subfield code="4">dkste</marcx:subfield>
                </marcx:datafield>
                <marcx:datafield ind1="0" ind2="0" tag="720">
                  <marcx:subfield code="o">Jørgen Teytaud</marcx:subfield>
                  <marcx:subfield code="4">dkste</marcx:subfield>
                </marcx:datafield>
                <marcx:datafield ind1="0" ind2="0" tag="720">
                  <marcx:subfield code="o">Solbjørg Højfeldt</marcx:subfield>
                  <marcx:subfield code="4">dkste</marcx:subfield>
                </marcx:datafield>
                <marcx:datafield ind1="0" ind2="0" tag="745">
                  <marcx:subfield code="a">Løven, heksen og garderobeskabet</marcx:subfield>
                </marcx:datafield>
                <marcx:datafield ind1="0" ind2="0" tag="910">
                  <marcx:subfield code="a">Disney</marcx:subfield>
                  <marcx:subfield code="h">Walt</marcx:subfield>
                  <marcx:subfield code="e">firma</marcx:subfield>
                  <marcx:subfield code="z">710</marcx:subfield>
                </marcx:datafield>
                <marcx:datafield ind1="0" ind2="0" tag="990">
                  <marcx:subfield code="o">201311</marcx:subfield>
                  <marcx:subfield code="b">b</marcx:subfield>
                  <marcx:subfield code="u">nt</marcx:subfield>
                </marcx:datafield>
                <marcx:datafield ind1="0" ind2="0" tag="996">
                  <marcx:subfield code="a">DBC</marcx:subfield>
                </marcx:datafield>
              </marcx:record>
            </marcx:collection>
            <os:identifier>870970-basis:29840504</os:identifier>
            <os:creationDate>2013-02-20</os:creationDate>
            <os:holdingsCount>18</os:holdingsCount>
            <os:lendingLibraries>18</os:lendingLibraries>
            <os:relations>
              <os:relation>
                <os:relationType>dbcaddi:isAdaptationOf</os:relationType>
                <os:relationUri>870970-basis:27285260</os:relationUri>
              </os:relation>
              <os:relation>
                <os:relationType>dbcaddi:hasReview</os:relationType>
                <os:relationUri>870976-anmeld:30936574</os:relationUri>
              </os:relation>
            </os:relations>
            <os:formatsAvailable>
              <os:format>dkabm</os:format>
              <os:format>marcxchange</os:format>
            </os:formatsAvailable>
          </os:object>
        </os:collection>
      </ns1:originalData>
      <ns1:outputFormat>fullDisplay</ns1:outputFormat>
      <ns1:trackingId>dvd_239b_narnia.xml.fullDisplay</ns1:trackingId>
    </ns1:formatRequest>
  </SOAP-ENV:Body>
</SOAP-ENV:Envelope>
